<record><leader>00000cas a22000007a 4500</leader><controlfield tag="001">33032801</controlfield><controlfield tag="008">950824d18801uuumeudn ne      0    0eng d</controlfield><datafield ind1=" " ind2=" " tag="010"><subfield code="a">sn 95067871 </subfield></datafield><datafield ind1=" " ind2=" " tag="040"><subfield code="a">MBN</subfield><subfield code="b">eng</subfield><subfield code="c">MBN</subfield><subfield code="d">OCLCQ</subfield><subfield code="d">OCLCF</subfield><subfield code="d">OCLCO</subfield></datafield><datafield ind1="1" ind2=" " tag="029"><subfield code="a">AU@</subfield><subfield code="b">000025888045</subfield></datafield><datafield ind1=" " ind2=" " tag="042"><subfield code="a">msc</subfield></datafield><datafield ind1=" " ind2=" " tag="043"><subfield code="a">n-us-me</subfield></datafield><datafield ind1="0" ind2="0" tag="245"><subfield code="a">Old Orchard Beach sea-side reporter.</subfield></datafield><datafield ind1=" " ind2=" " tag="260"><subfield code="a">Old Orchard Beach, Me. :</subfield><subfield code="b">Wm. S. Noyes</subfield></datafield><datafield ind1=" " ind2=" " tag="300"><subfield code="a">v.</subfield></datafield><datafield ind1=" " ind2=" " tag="310"><subfield code="a">Daily (except Sun.)</subfield></datafield><datafield ind1=" " ind2=" " tag="500"><subfield code="a">Publisher intended that daily publication would commence on July 6, 1880 and continue during the beach season.</subfield></datafield><datafield ind1=" " ind2=" " tag="515"><subfield code="a">June 1, 1880 issue is "preview edition."</subfield></datafield><datafield ind1=" " ind2=" " tag="588"><subfield code="a">Description based on: Vol. 1, no. 1 (June 1, 1880).</subfield></datafield><datafield ind1=" " ind2="0" tag="651"><subfield code="a">Old Orchard Beach (Me.)</subfield><subfield code="v">Newspapers.</subfield></datafield><datafield ind1=" " ind2="7" tag="655"><subfield code="a">Newspapers.</subfield><subfield code="2">fast</subfield><subfield code="0">(OCoLC)fst01423814</subfield></datafield><datafield ind1=" " ind2="7" tag="651"><subfield code="a">Maine</subfield><subfield code="z">Old Orchard Beach.</subfield><subfield code="2">fast</subfield><subfield code="0">(OCoLC)fst01218838</subfield></datafield><datafield ind1=" " ind2=" " tag="752"><subfield code="a">United States</subfield><subfield code="b">Maine</subfield><subfield code="c">York</subfield><subfield code="d">Old Orchard Beach.</subfield></datafield></record>